
@inproceedings{fioretto:AAAI-15,
  author    = "Ferdinando Fioretto",
  title     = "Exploiting the Structure of Distributed Constraint Optimization Problems",
  booktitle = "Proceedings of the {AAAI} Conference on Artificial Intelligence {(AAAI)}",
  pages     = "4233--4234",
  year      = "2015",
  url       = "http://www.aaai.org/ocs/index.php/AAAI/AAAI15/paper/view/9293"
}
@inproceedings{fioretto:AAAI-16,
 author     = "Ferdinando Fioretto and William Yeoh and Enrico Pontelli",
  title     = "Multi-Variable Agents Decomposition for {DCOP}s",
  booktitle = "Proceedings of the {AAAI} Conference on Artificial Intelligence ({AAAI})",
  pages     = "2480--2486",
  year      = "2016",
  url       = "http://www.aaai.org/ocs/index.php/AAAI/AAAI16/paper/view/12093"
}
@inproceedings{Fioretto:AAAI-20,
	title="Predicting AC Optimal Power Flows: Combining Deep Learning and Lagrangian Dual Methods",
	author="Ferdinando Fioretto and Terrence W.K.~Mak and Pascal {Van Hentenryck}",
	booktitle = "Proceedings of the {AAAI} Conference on Artificial Intelligence ({AAAI})",
	pages = "",
	year = "2020",
	url = ""
}@inproceedings{fioretto:AAMAS-14,
  author    = "Ferdinando Fioretto and Federico Campeotto and Luca Da Rin Fioretto and William Yeoh and Enrico Pontelli",
  title     = "{GD-GIBBS:} A GPU-based Sampling Algorithm for Solving Distributed Constraint Optimization Problems",
  booktitle = "Proceedings of the International Joint Conference on Autonomous Agents and Multiagent Systems {(AAMAS)}",
  pages     = "1339--1340",
  year      = "2014",
  url       = "http://dl.acm.org/citation.cfm?id=2617462"
}
@inproceedings{fioretto:AAMAS-15a,
  author    = "Ferdinando Fioretto and William Yeoh and Enrico Pontelli",
  title     = "Multi-Variable Agents Decomposition for DCOPs to Exploit Multi-Level Parallelism",
  booktitle = "Proceedings of the International Joint Conference on Autonomous Agents and Multiagent Systems {(AAMAS)}",
  pages     = "1823--1824",
  year      = "2015",
  url       = "http://dl.acm.org/citation.cfm?id=2773455"
}@inproceedings{fioretto:AAMAS-15b,
  author    = "Ferdinando Fioretto and Federico Campeotto and Agostino Dovier and Enrico Pontelli and William Yeoh",
  title     = "Large Neighborhood Search with Quality Guarantees for Distributed Constraint Optimization Problems",
  booktitle = "Proceedings of the International Joint Conference on Autonomous Agents and Multiagent Systems {(AAMAS)}",
  pages     = "1835--1836",
  year      = "2015",
  url       = "http://dl.acm.org/citation.cfm?id=2773461"
}@inproceedings{fioretto:AAMAS-15c,
  author    = "Ferdinando Fioretto",
  title     = "Exploiting the Structure of Distributed Constraint Optimization Problems",
  booktitle = "Proceedings of the International Joint Conference on Autonomous Agents and Multiagent Systems {(AAMAS)}",
  pages     = "2007--2008",
  year      = "2015",
  url       = "http://dl.acm.org/citation.cfm?id=2773549"
}@inproceedings{fioretto:AAMAS-16a,
  author    = "Khoi D. Hoang and Ferdinando Fioretto and Ping Hou and Makoto Yokoo and William Yeoh and Roie Zivan",
  title     = "Proactive Dynamic Distributed Constraint Optimization",
  booktitle = "Proceedings of the International Joint Conference on Autonomous Agents and Multiagent Systems {(AAMAS)}",
  pages     = "597--605",
  year      = "2016",
  url       = "http://dl.acm.org/citation.cfm?id=2937013"
}
@inproceedings{fioretto:AAMAS-16b,
  author    = "Tiep Le and Ferdinando Fioretto and William Yeoh and Tran Cao Son and Enrico Pontelli",
  title     = "{ER-DCOP}s: {A} Framework for Distributed Constraint Optimization with Uncertainty in Constraint Utilities",
  booktitle = "Proceedings of the International Joint Conference on Autonomous Agents and Multiagent Systems {(AAMAS)}",
  pages     = "606--614",
  year      = "2016",
  url       = "http://dl.acm.org/citation.cfm?id=2937014"
}@inproceedings{fioretto:AAMAS-17b,
    author    = “Ferdinando Fioretto and William Yeoh and Enrico Pontelli and Ye Ma and Satishkumar Ranade”,
    title     = "A Distributed Constraint Optimization ({DCOP}) Approach to the Economic Dispatch with Demand Response",
    booktitle = "Proceedings of the International Joint Conference on Autonomous Agents and Multiagent Systems {(AAMAS)}",
    year      = "2017",
    pages     = "999--1007",
    url       = "http://dl.acm.org/citation.cfm?id=3091267"
}@inproceedings{fioretto:AAMAS-17b,
    author    = “Ferdinando Fioretto and William Yeoh and Enrico Pontelli”,
    title     = "A Multiagent System Approach to Scheduling Devices in Smart Homes",
    booktitle = "Proceedings of the International Joint Conference on Autonomous Agents and Multiagent Systems {(AAMAS)}",
    year      = "2017",
    pages     = "981--989",
    url       = "http://dl.acm.org/citation.cfm?id=3091265",
}@inproceedings{fioretto:AAMAS-17c,
    author    = "Khoi D. Hoang and Ping Hou and Ferdinando Fioretto and Makoto Yokoo and William Yeoh and Roie Zivan",
    title     = "Infinite-Horizon Proactive Dynamic {DCOPs}",
    booktitle = "Proceedings of the International Joint Conference on Autonomous Agents and Multiagent Systems {(AAMAS)}",
    year      = "2017",
    pages     = "212--220",
    url       = "http://dl.acm.org/citation.cfm?id=3091160"
}@inproceedings{fioretto:AAMAS-18,
  author    = "Ferdinando Fioretto and Chansoo Lee and Pascal {Van Hentenryck}",
  title     = "Constrained-Based Differential Privacy for Mobility Services",
  booktitle = "Proceedings of the International Joint Conference on Autonomous Agents and Multiagent Systems {(AAMAS)}",
  year      = "2018",
  pages     = "1405--1413"
}@inproceedings{fioretto:AAMAS-19,
  author    = "Ferdinando Fioretto and Pascal {Van Hentenryck}",
  title     = "Privacy-Preserving Federated Data Sharing",
  booktitle = "Proceedings of the International Joint Conference on Autonomous Agents and Multiagent Systems {(AAMAS)}",
  year      = "2019",
  pages     = "638--646"
}@article{FIORETTO2021103475,
title = {Differential privacy of hierarchical Census data: An optimization approach},
journal = {Artificial Intelligence},
pages = {103475},
year = {2021},
issn = {0004-3702},
doi = {https://doi.org/10.1016/j.artint.2021.103475},
url = {https://www.sciencedirect.com/science/article/pii/S0004370221000266},
author = {Ferdinando Fioretto and Pascal {Van Hentenryck} and Keyu Zhu},
keywords = {Differential privacy, Constrained optimization, Census},
abstract = {This paper is motivated by applications of a Census Bureau interested in releasing aggregate socio-economic data about a large population without revealing sensitive information about any individual. The released information can be the number of individuals living alone, the number of cars they own, or their salary brackets. Recent events have identified some of the privacy challenges faced by these organizations [1]. To address them, this paper presents a novel differential-privacy mechanism for releasing hierarchical counts of individuals. The counts are reported at multiple granularities (e.g., the national, state, and county levels) and must be consistent across all levels. The core of the mechanism is an optimization model that redistributes the noise introduced to achieve differential privacy in order to meet the consistency constraints between the hierarchical levels. The key technical contribution of the paper shows that this optimization problem can be solved in polynomial time by exploiting the structure of its cost functions. Experimental results on very large, real datasets show that the proposed mechanism provides improvements of up to two orders of magnitude in terms of computational efficiency and accuracy with respect to other state-of-the-art techniques.}
}@inproceedings{fioretto:AIMatter-18,
  author    = "Ferdinando Fioretto and William Yeoh",
  title     = "{AI} Buzzwords Explained: Distributed Constraint Optimization Problems",
  journal   = "{AI} Matters",
  year      = "2018",
  volume    = "3",
  number    = "4",
  month     = "feb",
  year 	    = "2018",
  issn 	    = "2372-3483",
  pages     = "8--13"
  publisher = "{ACM}"
}@inproceedings{fioretto:AISGSB-16,
  author    = "Khoi Hoang and Ferdinando Fioretto and Ping Hou and Makoto Yokoo and William Yeoh and Roie Zivan",
  title     = "Proactive Dynamic {DCOP}s",
  booktitle = "Proceedings of the {AAAI} Workshop on {AI} for Smart Grids and Smart Buildings ({AISGSB})",
  year      = "2016",
  url       = "http://www.aaai.org/ocs/index.php/WS/AAAIW16/paper/view/12593"
}
@inproceedings{fioretto:AISGSB-16,
  author    = "Khoi Hoang and Ferdinando Fioretto and Ping Hou and Makoto Yokoo and William Yeoh and Roie Zivan",
  title     = "Proactive Dynamic {DCOP}s",
  booktitle = "Proceedings of the {AAAI} Workshop on {AI} for Smart Grids and Smart Buildings {(AISGSB)}",
  year      = "2016",
  url       = "http://www.aaai.org/ocs/index.php/WS/AAAIW16/paper/view/12593"
}
@inproceedings{fioretto:AISGSB-17,
  author    = "Ferdinando Fioretto and William Yeoh and Enrico Pontelli",
  title     = "A Multiagent System Approach to Scheduling Devices in Smart Homes",
  booktitle = "Proceedings of the {AAAI} Workshop on {AI} for Smart Grids and Smart Buildings ({AISGSB})”,
  year      = "2017"
}@article{fioretto:amectada-17,
  author 	= "Porag Chowdhury and Russell Y. Folk and Ferdinando Fioretto and Christopher Kiekintveld and William Yeoh",
  title		= "Investigation of Learning Strategies for the {SPOT} Broker in {Power TAC}",
  journal	= "Agent-Mediated Electronic Commerce. Designing Trading Strategies and Mechanisms for Electronic Markets ({AMEC/TADA})", 
  volume	= "271",
  pages		= "96--111",
  year		= "2017",
  publisher	= "Springer"
}
@article{fioretto:arXiv-16a,
  author    = "Ferdinando Fioretto and Enrico Pontelli and William Yeoh",
  title     = "Distributed Constraint Optimization Problems and Applications: {A} Survey",
  journal   = "CoRR",
  volume    = "abs/1602.06347",
  year      = "2016",
  url       = "http://arxiv.org/abs/1602.06347"
}@article{fioretto:arXiv-16b,
   author  		= "Ferdinando Fioretto and Enrico Pontelli and William Yeoh and Rina Detcher",
   title   		= "Accelerating Exact and Approximate Inference for (Distributed) Discrete Optimization with GPUs",
   year    		= "2016",
   archivePrefix= "arXiv",
   eprint 		= "1608.05288",
   primaryClass = "cs.AI",
   url			= "http://arxiv.org/abs/1608.05288"
}@article{fioretto:arXiv-17a,
    author    = "William Kluegel and Muhammad Aamir Iqbal and Ferdinando Fioretto and William Yeoh and Enrico Pontelli",
    title     = "A Realistic Dataset for the Smart Home Device Scheduling Problem for {DCOP}s",
    year      = "2017",
    archivePrefix = "arXiv",
    eprint    = "1702.06970",
    primaryClass = "cs.AI",
    url    = "https://arxiv.org/abs/1702.06970"
}
@article{fioretto:arXiv-17b,
    author    = "Ferdinando Fioretto and Agostino Dovier and William Yeoh and Enrico Pontelli and Roie Zivan",
    title     = "Solving {DCOP}s with Distributed Large Neighborhood Search",
    year      = "2017",
    archivePrefix = "arXiv",
    eprint    = "1702.06915",
    primaryClass = "cs.AI",
    url       = "https://arxiv.org/abs/1702.06915"
}
@article{fioretto:arXiv-18,
    author    = "Ferdinando Fioretto, Pascal {Van Hentenryck}",
    title     = "Differential Private Stream Processing of Energy Consumption",
    year      = "2018",
    archivePrefix = "arXiv",
    eprint    = "1808.01949",
    primaryClass = "cs.CR",
    url    = "https://arxiv.org/abs/1808.01949"
}
@article{fioretto:arXiv-19a,
    author    = "Ferdinando Fioretto, {Terrence W.K.} Mak, Pascal {Van Hentenryck}",
    title     = "Differential Privacy for Power Grid Obfuscation",
    archivePrefix = "arXiv",
    eprint    = "1901.06949",
    primaryClass = "cs.AI",
    year      = "2019",
    url    = "https://arxiv.org/abs/1901.06949"
}
@article{Fioretto:arXiv-19b,
  author    = {Ferdinando Fioretto and
               Terrence W. K. Mak and
               Pascal Van Hentenryck},
  title     = {Privacy-Preserving Obfuscation of Critical Infrastructure Networks},
  journal   = {CoRR},
  volume    = {abs/1905.09778},
  year      = {2019}
}
@misc{Fioretto:ArXiv19c,
    title="Predicting AC Optimal Power Flows: Combining Deep Learning and Lagrangian Dual Methods",
    author="Ferdinando Fioretto and Terrence W.K.~Mak and Pascal {Van Hentenryck}",
    year="2019",
    eprint="1909.10461",
    archivePrefix="arXiv",
    primaryClass="eess.SP"
}@misc{Fioretto:ArXiv19c,
    title="Privacy-Preserving Obfuscation for Distributed Power Systems",
    author="Terrence W.K.~Mak and Ferdinando Fioretto and Pascal {Van Hentenryck}",
    year="2019",
    eprint="1910.04250",
    archivePrefix="arXiv",
    primaryClass="math.OC"
}@misc{Fioretto:ArXiv20a,
    title="Bilevel Optimization for Differentially Private Optimization",
    author="Ferdinando Fioretto and Terrence {W.K. Mak} and Pascal {Van Hentenryck}",
    year="2020",
    eprint="2001.09508",
    archivePrefix="arXiv",
    primaryClass="math.OC"
    secondaryClass="cs.AI,cs.CR"
}@misc{Fioretto:ArXiv20b,
    title="A Lagrangian Dual Framework for Deep Neural Networks with Constraints
 Optimization",
    author="Ferdinando Fioretto and Terrence {W.K. Mak} and 
     Federico Baldo and Michele Lombardi and  Pascal {Van Hentenryck}",
    year="2020",
    eprint="2001.09394",
    archivePrefix="arXiv",
    primaryClass="cs.LG"
    secondaryClass="stat.ML"
}@misc{Fioretto:ArXiv20b,
    title="Differential Privacy for Stackelberg Games",
    author="Ferdinando Fioretto and Lesia Mitridati and Pascal {Van Hentenryck}",
    year="2020",
    eprint="2002.00944",
    archivePrefix="arXiv",
    primaryClass="math.OC"
    secondaryClass="cs.CR"
}@misc{Dvorkin:2020,
    title={Differentially Private Optimal Power Flow for Distribution Grids},
    author={Vladimir Dvorkin and Ferdinando Fioretto and Pascal Van Hentenryck and Jalal Kazempour and Pierre Pinson},
    year={2020},
    eprint={2004.03921},
    archivePrefix={arXiv},
    primaryClass={math.OC}
}@misc{Dvorkin2020b,
    title={Differentially Private Convex Optimization with Feasibility Guarantees},
    author={Vladimir Dvorkin and Ferdinando Fioretto and Pascal Van Hentenryck and Jalal Kazempour and Pierre Pinson},
    year={2020},
    eprint={2006.12338},
    archivePrefix={arXiv},
    primaryClass={cs.CR}
}@misc{fioretto:20_census,
    title={Differential Privacy of Hierarchical Census Data: An Optimization Approach},
    author={Ferdinando Fioretto and Pascal Van Hentenryck and Keyu Zhu},
    year={2020},
    eprint={2006.15673},
    archivePrefix={arXiv},
    primaryClass={cs.DB}
}@misc{chatzos:20_dlopf,
    title={High-Fidelity Machine Learning Approximations of Large-Scale Optimal Power Flow},
    author={Minas Chatzos and Ferdinando Fioretto and Terrence W. K. Mak and Pascal Van Hentenryck},
    year={2020},
    eprint={2006.16356},
    archivePrefix={arXiv},
    primaryClass={eess.SP}
}@misc{tran:20_fairdp,
    title={Differentially Private and Fair Deep Learning: A Lagrangian Dual Approach},
    author={Cuong Tran and Ferdinando Fioretto and Pascal Van Hentenryck},
    year={2020},
    eprint={2009.12562},
    archivePrefix={arXiv},
    primaryClass={cs.LG}
}@misc{zhu:20_postdp,
    title={Bias and Variance of Post-processing in Differential Privacy},
    author={Keyu Zhu and Pascal {Van Hentenryck} and Ferdinando Fioretto},
    year={2020},
    eprint={2010.04327},
    archivePrefix={arXiv},
    primaryClass={cs.LG}
}@misc{Fioretto:ArXiv21a,
      title={Load Embeddings for Scalable AC-OPF Learning}, 
      author={Terrence W. K. Mak and Ferdinando Fioretto and Pascal VanHentenryck},
      year={2021},
      eprint={2101.03973},
      archivePrefix={arXiv},
      primaryClass={eess.SY}
}@article{fioretto:CONSTRAINTS-18,
	author 	= "Ferdinando Fioretto and Enrico Pontelli and William Yeoh and Rina Dechter",	
	title   = "Accelerating Exact and Approximate Inference for (Distributed) Discrete Optimization with {GPU}s",
	journal	= "Constraints",
	year 	= "2018",
	month 	= "Jan",
	day 	= "01",
	volume 	= "23",
	number 	= "1",
	pages 	= "1--43",
	url     = "https://doi.org/10.1007/s10601-017-9274-1"
}@inproceedings{fioretto:CP-12,
  author    = "Federico Campeotto and Alessandro Dal Pal{\`{u}} and Agostino Dovier and Ferdinando Fioretto and Enrico Pontelli",
  title     = "A Filtering Technique for Fragment Assembly-Based Proteins Loop Modeling with Constraints",
  booktitle = "Proceedings of the International Conference on Principles and Practice of Constraint Programming {(CP)}",
  pages     = "850--866",
  year      = "2012",
  url       = "http://dx.doi.org/10.1007/978-3-642-33558-7_61"
} @inproceedings{fioretto:CP-14,
  author    = "Ferdinando Fioretto and Tiep Le and William Yeoh and Enrico Pontelli and Tran Cao Son",
  title     = "Improving {DPOP} with Branch Consistency for Solving Distributed Constraint Optimization Problems",
  booktitle = "Proceedings of the International Conference on Principles and Practice of Constraint Programming {(CP)}",
  year      = "2014",
  pages     = "307--323",
  doi       = "10.1007/978-3-319-10428-7_24"
}
@inproceedings{fioretto:CP-15,
  author    = "Ferdinando Fioretto and Tiep Le and William Yeoh and Enrico Pontelli and Tran Cao Son",
  title     = "Exploiting {GPU}s in Solving (Distributed) Constraint Optimization Problems with Dynamic Programming",
  booktitle = "Proceedings of the International Conference on Principles and Practice of Constraint Programming {(CP)}",
  year      = "2015",
  pages     = "121--139",
  doi       = "10.1007/978-3-319-23219-5_9"
}@inproceedings{fioretto:CP-16,
  author    = "Ferdinando Fioretto and William Yeoh and Enrico Pontelli",
  title     = "A Dynamic Programming-based {MCMC} Framework for Solving {DCOP}s with {GPU}s",
  booktitle = "Proceedings of the International Conference on Principles and Practice of Constraint Programming {(CP)}",
  year      = "2016",
  pages     = "813--831",
  url       = "http://dx.doi.org/10.1007/978-3-319-44953-1_51"
}@inproceedings{fioretto:CP-17,
  author    = "Atena M. Tabakhi and Tiep Le and Ferdinando Fioretto and William Yeoh",
  title     = "Preference Elicitation for DCOPs",
  booktitle = "Proceedings of the International Conference on Principles and Practice of Constraint Programming {(CP)}",
  year      = "2017",
  pages     = "278--296",
  url       = "https://doi.org/10.1007/978-3-319-66158-2_18"
}@inproceedings{fioretto:CP-18,
  author    = "Khoi Hoang, Ferdinando Fioretto, William Yeoh, Enrico Pontelli and Roie Zivan.",
  title     = "A Large Neighboring Search Schema for Multi-Agent Optimization",
  booktitle = "Proceedings of the International Conference on Principles and Practice of Constraint Programming {(CP)}",
  year      = "2018",
  pages     = "688--706",
  url       = "https://doi.org/10.1007/978-3-319-98334-9\_44
}
@inproceedings{fioretto:CP-19,
  author    = "Ferdinando Fioretto and Pascal Van Hentenryck.",
  title     = "Differential Privacy of Hierarchical Census Data: An Optimization Approach",
  booktitle = "Proceedings of the International Conference on Principles and Practice of Constraint Programming {(CP)}",
  year      = "2019",
  pages     = "639-655",
  url       = "https://doi.org/10.1007/978-3-030-30048-7\_37"
}@inproceedings{fioretto:CPAIOR-18,
  author    = "Ferdinando Fioretto and Pascal {Van Hentenryck}",
  title     = "Constrained-based Differential Privacy: Releasing Optimal Power Flow Benchmarks Privately",
  booktitle = "Proceedings of the International Conference on the Integration of Constraint Programming, Artificial Intelligence, and Operations Research {(CPAIOR)}",
  year      = "2018",
  pages     = "215--231"
}@inproceedings{fioretto:CMSB-13,
  author    = "Ferdinando Fioretto and Enrico Pontelli",
  title     = "Constraint Programming in Community-Based Gene Regulatory Network Inference",
  booktitle = "Proceedings of the International Conference on Computational Methods in Systems Biology {(CMSB)}",
  pages     = "135--149",
  year      = "2013",
  url       = {http://dx.doi.org/10.1007/978-3-642-40708-6_11}
}
@inproceedings{fioretto:ECAI-14,
  author    = "Federico Campeotto and Agostino Dovier and Ferdinando Fioretto and Enrico Pontelli",
  title     = "A {GPU} Implementation of Large Neighborhood Search for Solving Constraint Optimization Problems",
  booktitle = "Proceedings of the European Conference on Artificial Intelligence {(ECAI)}",
  pages     = "189--194",
  year      = "2014",
  url       = "https://doi.org/10.1007/978-3-319-04132-2_11"
}
@article{fioretto:IA19,
  title="Distributed multi-agent optimization for smart grids and home automation",
  author="Fioretto, Ferdinando and Dovier, Agostino and Pontelli, Enrico",
  journal="Intelligenza Artificiale,
  doi="10.3233/IA-180037"
  volume="12",
  number="2"
  pages="67--87",
  year="2019"
}@ARTICLE{fioretto:TPS20, 
author={T. W. K. {Mak} and F. {Fioretto} and L. {Shi} and P. {Van Hentenryck}}, 
journal={IEEE Transactions on Power Systems}, 
title={Privacy-Preserving Power System Obfuscation: A Bilevel Optimization Approach}, 
year={2020}, 
volume={35}, 
number={2}, 
pages={1627-1637}, 
doi={10.1109/TPWRS.2019.2945069}, 
ISSN={1558-0679}, 
month={March}}@ARTICLE{Dvorkin:TSG21,
  author={Dvorkin, Vladimir and Fioretto, Ferdinando and Van Hentenryck, Pascal and Pinson, Pierre and Kazempour, Jalal},
  journal={IEEE Transactions on Power Systems}, 
  title={Differentially Private Optimal Power Flow for Distribution Grids}, 
  year={2021},
  volume={36},
  number={3},
  pages={2186-2196},
  doi={10.1109/TPWRS.2020.3031314}}@ARTICLE{fioretto:TSG20, 
author={F. {Fioretto} and T. W. K. {Mak} and P. {Van Hentenryck}}, 
journal={IEEE Transactions on Smart Grid}, 
title={Differential Privacy for Power Grid Obfuscation}, 
year={2020}, 
volume={11}, 
number={2}, 
pages={1356-1366}, 
doi={10.1109/TSG.2019.2936712}, 
ISSN={1949-3061}, 
month={March}}
@article{Fioretto:ijcai-19,
  author    = "Ferdinando Fioretto and Terrence W. K. Mak and Pascal {Van Hentenryck}",
  title     = "Privacy-Preserving Obfuscation of Critical Infrastructure Networks},
  booktitle = "Proceedings of the International Joint Conference on Artificial Intelligence ({IJCAI})",
  pages     = "1086-1092",
  year      = "2019"
}
@article{Fioretto:ijcai-20a,
  author="Ferdinando Fioretto and Lesia Mitridati and Pascal {Van Hentenryck}",
  title="Differential Privacy for Stackelberg Games",
  booktitle = "Proceedings of the International Joint Conference on Artificial Intelligence ({IJCAI})",
  pages     = "TBA",
  year      = "2020"
}
@article{Fioretto:ijcai-20b,
  author="Ferdinando Fioretto and Pascal {Van Hentenryck}",
  title="OptStream: Releasing Time Series Privately (Extended Abstract)",
  booktitle = "Proceedings of the International Joint Conference on Artificial Intelligence ({IJCAI})",
  pages     = "TBA",
  year      = "2020"
}
@inproceedings{fioretto:ISIAM18,
  author    = "Ferdinando Fioretto and Hong Xu and Sven Koenig and T. K. Satish Kumar",
  title     = "Constraint Composite Graph-Based Lifted Message Passing for Distributed Constraint Optimization Problems",
  booktitle = "International Symposium on Artificial Intelligence and Mathematics (ISAIM)",
  year      = "2018"
}@article{fioretto:JAIR-13,
  author    = "Federico Campeotto and Alessandro Dal Pal{\`{u}} and Agostino Dovier and Ferdinando Fioretto and Enrico Pontelli",
  title     = "A Constraint Solver for Flexible Protein Model",
  journal   = "Journal of Artificial Intelligence Research {(JAIR)}",
  volume    = "48",
  pages     = "953--1000",
  year      = "2013",
  url       = "http://jair.org/papers/paper4193.html"
}@article{fioretto:JAIR18,
  title="Distributed Constraint Optimization Problems and Applications: A Survey",
  author="Fioretto, Ferdinando and Pontelli, Enrico and Yeoh, William",
  journal="Journal of Artificial Intelligence Research",
  volume="61",
  pages="623--698",
  year="2018"
}@article{fioretto:JAIR19,
  title="OptStream: Releasing Time Series Privately",
  author="Fioretto, Ferdinando and Van Hentenryck, Pascal",
  journal="Journal of Artificial Intelligence Research",
  volume="65",
  pages="423--456",
  year="2019"
}@inproceedings{fioretto:LCNS17,
  author    = "William Kluegel and Muhammad A. Iqbal and Ferdinando Fioretto and William Yeoh and Enrico Pontelli",
  title     = "A Realistic Dataset for the Smart Home Device Scheduling Problem for {DCOP}s",
  booktitle = "Autonomous Agents and Multiagent Systems - {AAMAS} 2017 Workshops, Visionary Papers, Revised Selected Papers",
  pages     = "125--142",
  year      = "2017",
  url       = "https://doi.org/10.1007/978-3-319-71679-4_9"
}@inproceedings{fioretto:MPREF-16,
  author    = "Atena M. Tabakhi and Ferdinando Fioretto and William Yeoh",
  title     = "A Preliminary Study on Preference Elicitation in {DCOP}s for Scheduling Devices in Smart Buildings",
  booktitle = "Proceedings of the International Workshop on Advances in Preference Handling {(MPREF)}",
  year      = "2016"
}
@inproceedings{fioretto:OPTMAS-15a,
  author    = "Ferdinando Fioretto and Tiep Le and William Yeoh and Enrico Pontelli and Tran Cao Son",
  title     = "Improving {DPOP} with Branch Consistency for Solving Distributed Constraint Optimization Problems",
  booktitle = "Proceeding of the International Workshop on Optimisation in Multi-Agent Systems {(OPTMAS)}",
  year      = "2015"
}@inproceedings{fioretto:OPTMAS-15b,
  author    = "Ferdinando Fioretto and Federico Campeotto and Agostino Dovier and William Yeoh and Enrico Pontelli",
  title     = "Large Neighborhood Search with Quality Guarantees for Distributed Constraint Optimization Problems",
  booktitle = "Proceeding of the International Workshop on Optimisation in Multi-Agent Systems {(OPTMAS)}",
  year      = "2015"
}@inproceedings{fioretto:OPTMAS-17,
    author    = "William Kluegel and Muhammad Aamir Iqbal and Ferdinando Fioretto and William Yeoh and Enrico Pontelli",
    title     = "Solving {DCOP}s with Distributed Large Neighborhood Search",
    year      = "2017",
    booktitle = "Proceeding of the International Workshop on Optimisation in Multi-Agent Systems {(OPTMAS)}",
}@inproceedings{fioretto:OPTMAS-18,
    author    = "Ferdinando Fioretto and Hong Xu and Sven Koenig and T. K. Satish Kumar",
    title     = "Solving Multiagent Constraint Optimization Problems on the Constraint Composite Graph",
    year      = "2018",
    booktitle = "Proceeding of the International Workshop on Optimisation in Multi-Agent Systems {(OPTMAS)}",
}@inproceedings{fioretto:PADL-14,
  author    = "Federico Campeotto and Alessandro Dal Pal{\`{u}} and Agostino Dovier and Ferdinando Fioretto and Enrico Pontelli",
  title     = "Exploring the Use of GPUs in Constraint Solving",
  booktitle = "Proceedings of the International Conference on Practical Aspects of Declarative Languages {(PADL)}",
  year      = "2014",
  pages     = "152--167",
  url       = "http://dx.doi.org/10.1007/978-3-319-04132-2_11"
}
@inproceedings{fioretto:PARSEARCHOPT-14,
  author    = "Federico Campeotto and Alessandro Dal Pal{\`{u}} and Agostino Dovier and Ferdinando Fioretto and Enrico Pontelli",
  title     = "Towards a GPU-Based Parallel Constraint Solver",
  booktitle = "Proceedings of the Workshop on Parallel Methods for Search & Optimization {(ParSearchOpt)}",
  year      = "2014"
}
@inproceedings{fioretto:PRIMA-18,
    author    = "Ferdinando Fioretto and Hong Xu and Sven Koenig and T. K. Satish Kumar",
    title     = "Solving Multiagent Constraint Optimization Problems on the Constraint Composite Graph",
    booktitle = "Proceeding of the International Conference on Principles and Practice of Multi-Agent Systems ({PRIMA})",
    pages     = "106--122",
    year      = "2018"
}@ inproceedings{Fioretto:PSCC20,
    title="Privacy-Preserving Obfuscation for Distributed Power Systems",
    author="Terrence W.K. Mak, Ferdinando Fioretto and Pascal {Van Hentenryck}",
    year="2020",
    booktitle ="Power Systems Computation Conference",
    pages="",
    year="2020"
}@inproceedings{fioretto:TADA-16,
  author    = "Porag Chowdhury and Russell Y. Folk and Ferdinando Fioretto and Christopher Kiekintveld and William Yeoh",
  title     = "Investigation of Learning Strategies for the {SPOT} Broker in Power {TAC}",
  booktitle = "Proceedings of the International Workshop on Agent Mediated Electronic Commerce and Trading Agents Design and Analysis {(AMEC/TADA)}",
  year      = "2016"
}
@article{fioretto:TOMACS-15,
     author = "Ferdinando Fioretto and Agostino Dovier and Enrico Pontelli",
     title = "Constrained Community-Based Gene Regulatory Network Inference",
     journal = "ACM Transactions on Modeling and Computer Simulation {(TOMACS)}",
     volume = "25",
     number = "2",
     year = "2015",
     issn = "1049--3301",
     pages = "11:1--11:26",
     articleno = "11",
     numpages = "26",
     url = "http://doi.acm.org/10.1145/2688909",
     doi = "10.1145/2688909",
     acmid = "2688909",
     publisher = "ACM"
}@inproceedings{fioretto:WCB-12,
   author		= "Federico Campeotto and Alessandro Dal Pal{\`{u}} and Agostino Dovier and Ferdinando Fioretto and Enrico Pontelli",
   title		= "Protein Loop Modelling via Constraints and Fragment Assembly",
   booktitle	= "Proceedings of the Workshop on Constraint-Based-Methods for Bioinformatics {(WCB)}",
   year			= "2012"
}
@inproceedings{fioretto:WCB-13,
  author    = "Ferdinando Fioretto and Enrico Pontelli",
  title     = "Constraint Programming in Community-Based Gene Regulatory Network Inference",
  booktitle = "Proceedings of the Workshop on Constraint-Based-Methods for Bioinformatics {(WCB)}",
  year      = "2013"
}
@inproceedings{fioretto:WCB-14,
  author    = "Federico Campeotto and Alessandro Dal Pal{\`{u}} and Agostino Dovier and Ferdinando Fioretto and Enrico Pontelli",
  title     = "Experimenting with FIASCO for protein structure prediction",
  booktitle = "Proceedings of the Workshop on Constraint-Based-Methods for Bioinformatics {(WCB)}",
  year      = "2014"
}
